<?xml version="1.0" encoding="UTF-8"?>
<marc:record xmlns:marc="http://www.loc.gov/MARC21/slim" xmlns:xsi="http://www.w3.org/2001/XMLSchema-instance" xsi:schemaLocation="http://www.loc.gov/MARC21/slim http://www.loc.gov/standards/marcxml/schema/MARC21slim.xsd">
<marc:leader>00620nam a22     7i 4500</marc:leader>
<marc:controlfield tag="001">1482661</marc:controlfield>
<marc:controlfield tag="003">NL-AMISG</marc:controlfield>
<marc:controlfield tag="005">20131030135949.0</marc:controlfield>
<marc:controlfield tag="008">131029s2013    gw                  ger d</marc:controlfield>
<marc:datafield ind1=" " ind2=" " tag="020">
<marc:subfield code="a">9783827500250</marc:subfield>
</marc:datafield>
<marc:datafield ind1=" " ind2=" " tag="040">
<marc:subfield code="a">NL-AMISG</marc:subfield>
</marc:datafield>
<marc:datafield ind1="1" ind2=" " tag="100">
<marc:subfield code="a">Piskorski, Jan M.</marc:subfield>
<marc:subfield code="0">(NL-AMISG)569381</marc:subfield>
</marc:datafield>
<marc:datafield ind1="1" ind2="4" tag="245">
<marc:subfield code="b">Flucht und Vertreibung im Europa des 20. Jahrhunderts /</marc:subfield>
<marc:subfield code="c">Jan M. Piskorski.</marc:subfield>
</marc:datafield>
<marc:datafield ind1=" " ind2=" " tag="260">
<marc:subfield code="a">München :</marc:subfield>
<marc:subfield code="b">Siedler,</marc:subfield>
<marc:subfield code="c">2013.</marc:subfield>
</marc:datafield>
<marc:datafield ind1=" " ind2=" " tag="300">
<marc:subfield code="a">430 p.</marc:subfield>
</marc:datafield>
<marc:datafield ind1="4" ind2=" " tag="852">
<marc:subfield code="a">IISG</marc:subfield>
<marc:subfield code="b">IISG</marc:subfield>
<marc:subfield code="c">IISG</marc:subfield>
<marc:subfield code="j">2012/1299</marc:subfield>
<marc:subfield code="n">Available</marc:subfield>
<marc:subfield code="p">6492847982424</marc:subfield>
</marc:datafield>
<marc:datafield ind1=" " ind2=" " tag="901">
<marc:subfield code="a">1482661</marc:subfield>
<marc:subfield code="b"/>
<marc:subfield code="c">1482661</marc:subfield>
<marc:subfield code="t">biblio</marc:subfield>
</marc:datafield>
<marc:datafield ind1=" " ind2=" " tag="902">
<marc:subfield code="a">10622/1855B041-75EF-4062-8F91-767E6727E868</marc:subfield>
</marc:datafield></marc:record>